<?xml version="1.0" encoding="UTF-8"?><collection xmlns="http://www.loc.gov/MARC21/slim"><record><leader>00375nam--2200133-i-4500</leader><controlfield tag="001">000041036</controlfield><controlfield tag="002">20161230</controlfield><controlfield tag="005">20161230201042</controlfield><controlfield tag="008">060222s1000------------r-----000-0-eng-d</controlfield><datafield ind1=" " ind2=" " tag="080"><subfield code="a">061.62(091:73):621.039(091:73)</subfield></datafield><datafield ind1=" " ind2=" " tag="100"><subfield code="a">Seaborg, Glenn T</subfield></datafield><datafield ind1=" " ind2=" " tag="245"><subfield code="a">Nuclear milestones. a collection of speeches</subfield></datafield><datafield ind1=" " ind2=" " tag="260"><subfield code="a">San Francisco, W.H.Freeman And Co., 1972, 390p</subfield></datafield><datafield ind1=" " ind2=" " tag="852"><subfield code="a">40764</subfield></datafield></record></collection>